
@article{rutherford_address_1997,
	title = {Address of the President, Sir Ernest Rutherford, O. M., at the Anniversary Meeting, November 30, 1927},
	volume = {117},
	doi = {10.1098/rspa.1928.0001},
	pages = {300--316},
	number = {777},
	journaltitle = {Proceedings of the Royal Society of London. Series A, Containing Papers of a Mathematical and Physical Character},
	shortjournal = {Proceedings of the Royal Society of London. Series A, Containing Papers of a Mathematical and Physical Character},
	author = {Rutherford, Ernest},
	date = {1997-01-01},
	note = {Publisher: Royal Society},
}

@article{cockcroft_experiments_1997,
	title = {Experiments with high velocity positive ions. {II}. -The disintegration of elements by high velocity protons},
	volume = {137},
	doi = {10.1098/rspa.1932.0133},
	pages = {229--242},
	number = {831},
	journaltitle = {Proceedings of the Royal Society of London. Series A, Containing Papers of a Mathematical and Physical Character},
	shortjournal = {Proceedings of the Royal Society of London. Series A, Containing Papers of a Mathematical and Physical Character},
	author = {Cockcroft, John Douglas and Walton, E. T. S. and Rutherford, Ernest},
	date = {1997-01-01},
	note = {Publisher: Royal Society},
}

@article{sheehy_applications_2024,
	title = {Applications of Particle Accelerators},
	journaltitle = {{CAS} - {CERN} Accelerator School 2024: Introduction to Accelerator Physics},
	author = {Sheehy, Suzie},
	date = {2024},
}

@article{aad_observation_2012,
	title = {Observation of a new particle in the search for the Standard Model Higgs boson with the {ATLAS} detector at the {LHC}},
	volume = {716},
	issn = {0370-2693},
	doi = {10.1016/j.physletb.2012.08.020},
	abstract = {A search for the Standard Model Higgs boson in proton–proton collisions with the {ATLAS} detector at the {LHC} is presented. The datasets used correspond to integrated luminosities of approximately 4.8 fb−1 collected at s=7 {TeV} in 2011 and 5.8 fb−1 at s=8 {TeV} in 2012. Individual searches in the channels H→{ZZ}(⁎)→4ℓ, H→γγ and H→{WW}(⁎)→eνμν in the 8 {TeV} data are combined with previously published results of searches for H→{ZZ}(⁎), {WW}(⁎), bb¯ and τ+τ− in the 7 {TeV} data and results from improved analyses of the H→{ZZ}(⁎)→4ℓ and H→γγ channels in the 7 {TeV} data. Clear evidence for the production of a neutral boson with a measured mass of 126.0±0.4(stat)±0.4(sys) {GeV} is presented. This observation, which has a significance of 5.9 standard deviations, corresponding to a background fluctuation probability of 1.7×10−9, is compatible with the production and decay of the Standard Model Higgs boson.},
	pages = {1--29},
	number = {1},
	journaltitle = {Physics Letters B},
	shortjournal = {Physics Letters B},
	author = {Aad, G. and Abajyan, T. and Abbott, B. and Abdallah, J. and Abdel Khalek, S. and Abdelalim, A.A. and Abdinov, O. and Aben, R. and Abi, B. and Abolins, M. and {AbouZeid}, O.S. and Abramowicz, H. and Abreu, H. and Acharya, B.S. and Adamczyk, L. and Adams, D.L. and Addy, T.N. and Adelman, J. and Adomeit, S. and Adragna, P. and Adye, T. and Aefsky, S. and Aguilar-Saavedra, J.A. and Agustoni, M. and Aharrouche, M. and Ahlen, S.P. and Ahles, F. and Ahmad, A. and Ahsan, M. and Aielli, G. and Akdogan, T. and Åkesson, T.P.A. and Akimoto, G. and Akimov, A.V. and Alam, M.S. and Alam, M.A. and Albert, J. and Albrand, S. and Aleksa, M. and Aleksandrov, I.N. and Alessandria, F. and Alexa, C. and Alexander, G. and Alexandre, G. and Alexopoulos, T. and Alhroob, M. and Aliev, M. and Alimonti, G. and Alison, J. and Allbrooke, B.M.M. and Allport, P.P. and Allwood-Spiers, S.E. and Almond, J. and Aloisio, A. and Alon, R. and Alonso, A. and Alonso, F. and Altheimer, A. and Alvarez Gonzalez, B. and Alviggi, M.G. and Amako, K. and Amelung, C. and Ammosov, V.V. and Amor Dos Santos, S.P. and Amorim, A. and Amram, N. and Anastopoulos, C. and Ancu, L.S. and Andari, N. and Andeen, T. and Anders, C.F. and Anders, G. and Anderson, K.J. and Andreazza, A. and Andrei, V. and Andrieux, M.-L. and Anduaga, X.S. and Angelidakis, S. and Anger, P. and Angerami, A. and Anghinolfi, F. and Anisenkov, A. and Anjos, N. and Annovi, A. and Antonaki, A. and Antonelli, M. and Antonov, A. and Antos, J. and Anulli, F. and Aoki, M. and Aoun, S. and Aperio Bella, L. and Apolle, R. and Arabidze, G. and Aracena, I. and Arai, Y. and Arce, A.T.H. and Arfaoui, S. and Arguin, J.-F. and Arik, E. and Arik, M. and Armbruster, A.J. and Arnaez, O. and Arnal, V. and Arnault, C. and Artamonov, A. and Artoni, G. and Arutinov, D. and Asai, S. and Ask, S. and Åsman, B. and Asquith, L. and Assamagan, K. and Astbury, A. and Atkinson, M. and Aubert, B. and Auge, E. and Augsten, K. and Aurousseau, M. and Avolio, G. and Avramidou, R. and Axen, D. and Azuelos, G. and Azuma, Y. and Baak, M.A. and Baccaglioni, G. and Bacci, C. and Bach, A.M. and Bachacou, H. and Bachas, K. and Backes, M. and Backhaus, M. and Backus Mayes, J. and Badescu, E. and Bagnaia, P. and Bahinipati, S. and Bai, Y. and Bailey, D.C. and Bain, T. and Baines, J.T. and Baker, O.K. and Baker, M.D. and Baker, S. and Balek, P. and Banas, E. and Banerjee, P. and Banerjee, Sw. and Banfi, D. and Bangert, A. and Bansal, V. and Bansil, H.S. and Barak, L. and Baranov, S.P. and Barbaro Galtieri, A. and Barber, T. and Barberio, E.L. and Barberis, D. and Barbero, M. and Bardin, D.Y. and Barillari, T. and Barisonzi, M. and Barklow, T. and Barlow, N. and Barnett, B.M. and Barnett, R.M. and Baroncelli, A. and Barone, G. and Barr, A.J. and Barreiro, F. and Barreiro Guimarães da Costa, J. and Barrillon, P. and Bartoldus, R. and Barton, A.E. and Bartsch, V. and Basye, A. and Bates, R.L. and Batkova, L. and Batley, J.R. and Battaglia, A. and Battistin, M. and Bauer, F. and Bawa, H.S. and Beale, S. and Beau, T. and Beauchemin, P.H. and Beccherle, R. and Bechtle, P. and Beck, H.P. and Becker, A.K. and Becker, S. and Beckingham, M. and Becks, K.H. and Beddall, A.J. and Beddall, A. and Bedikian, S. and Bednyakov, V.A. and Bee, C.P. and Beemster, L.J. and Begel, M. and Behar Harpaz, S. and Behera, P.K. and Beimforde, M. and Belanger-Champagne, C. and Bell, P.J. and Bell, W.H. and Bella, G. and Bellagamba, L. and Bellomo, M. and Belloni, A. and Beloborodova, O. and Belotskiy, K. and Beltramello, O. and Benary, O. and Benchekroun, D. and Bendtz, K. and Benekos, N. and Benhammou, Y. and Benhar Noccioli, E. and Benitez Garcia, J.A. and Benjamin, D.P. and Benoit, M. and Bensinger, J.R. and Benslama, K. and Bentvelsen, S. and Berge, D. and Bergeaas Kuutmann, E. and Berger, N. and Berghaus, F. and Berglund, E. and Beringer, J. and Bernat, P. and Bernhard, R. and Bernius, C. and Bernlochner, F.U. and Berry, T. and Bertella, C. and Bertin, A. and Bertolucci, F. and Besana, M.I. and Besjes, G.J. and Besson, N. and Bethke, S. and Bhimji, W. and Bianchi, R.M. and Bianco, M. and Biebel, O. and Bieniek, S.P. and Bierwagen, K. and Biesiada, J. and Biglietti, M. and Bilokon, H. and Bindi, M. and Binet, S. and Bingul, A. and Bini, C. and Biscarat, C. and Bittner, B. and Black, K.M. and Blair, R.E. and Blanchard, J.-B. and Blanchot, G. and Blazek, T. and Bloch, I. and Blocker, C. and Blocki, J. and Blondel, A. and Blum, W. and Blumenschein, U. and Bobbink, G.J. and Bobrovnikov, V.B. and Bocchetta, S.S. and Bocci, A. and Boddy, C.R. and Boehler, M. and Boek, J. and Boelaert, N. and Bogaerts, J.A. and Bogdanchikov, A. and Bogouch, A. and Bohm, C. and Bohm, J. and Boisvert, V. and Bold, T. and Boldea, V. and Bolnet, N.M. and Bomben, M. and Bona, M. and Boonekamp, M. and Bordoni, S. and Borer, C. and Borisov, A. and Borissov, G. and Borjanovic, I. and Borri, M. and Borroni, S. and Bortolotto, V. and Bos, K. and Boscherini, D. and Bosman, M. and Boterenbrood, H. and Bouchami, J. and Boudreau, J. and Bouhova-Thacker, E.V. and Boumediene, D. and Bourdarios, C. and Bousson, N. and Boveia, A. and Boyd, J. and Boyko, I.R. and Bozovic-Jelisavcic, I. and Bracinik, J. and Branchini, P. and Brandenburg, G.W. and Brandt, A. and Brandt, G. and Brandt, O. and Bratzler, U. and Brau, B. and Brau, J.E. and Braun, H.M. and Brazzale, S.F. and Brelier, B. and Bremer, J. and Brendlinger, K. and Brenner, R. and Bressler, S. and Britton, D. and Brochu, F.M. and Brock, I. and Brock, R. and Broggi, F. and Bromberg, C. and Bronner, J. and Brooijmans, G. and Brooks, T. and Brooks, W.K. and Brown, G. and Brown, H. and Bruckman de Renstrom, P.A. and Bruncko, D. and Bruneliere, R. and Brunet, S. and Bruni, A. and Bruni, G. and Bruschi, M. and Buanes, T. and Buat, Q. and Bucci, F. and Buchanan, J. and Buchholz, P. and Buckingham, R.M. and Buckley, A.G. and Buda, S.I. and Budagov, I.A. and Budick, B. and Büscher, V. and Bugge, L. and Bulekov, O. and Bundock, A.C. and Bunse, M. and Buran, T. and Burckhart, H. and Burdin, S. and Burgess, T. and Burke, S. and Busato, E. and Bussey, P. and Buszello, C.P. and Butler, B. and Butler, J.M. and Buttar, C.M. and Butterworth, J.M. and Buttinger, W. and Cabrera Urbán, S. and Caforio, D. and Cakir, O. and Calafiura, P. and Calderini, G. and Calfayan, P. and Calkins, R. and Caloba, L.P. and Caloi, R. and Calvet, D. and Calvet, S. and Camacho Toro, R. and Camarri, P. and Cameron, D. and Caminada, L.M. and Caminal Armadans, R. and Campana, S. and Campanelli, M. and Canale, V. and Canelli, F. and Canepa, A. and Cantero, J. and Cantrill, R. and Capasso, L. and Capeans Garrido, M.D.M. and Caprini, I. and Caprini, M. and Capriotti, D. and Capua, M. and Caputo, R. and Cardarelli, R. and Carli, T. and Carlino, G. and Carminati, L. and Caron, B. and Caron, S. and Carquin, E. and Carrillo-Montoya, G.D. and Carter, A.A. and Carter, J.R. and Carvalho, J. and Casadei, D. and Casado, M.P. and Cascella, M. and Caso, C. and Castaneda Hernandez, A.M. and Castaneda-Miranda, E. and Castillo Gimenez, V. and Castro, N.F. and Cataldi, G. and Catastini, P. and Catinaccio, A. and Catmore, J.R. and Cattai, A. and Cattani, G. and Caughron, S. and Cavaliere, V. and Cavalleri, P. and Cavalli, D. and Cavalli-Sforza, M. and Cavasinni, V. and Ceradini, F. and Cerqueira, A.S. and Cerri, A. and Cerrito, L. and Cerutti, F. and Cetin, S.A. and Chafaq, A. and Chakraborty, D. and Chalupkova, I. and Chan, K. and Chang, P. and Chapleau, B. and Chapman, J.D. and Chapman, J.W. and Chareyre, E. and Charlton, D.G. and Chavda, V. and Chavez Barajas, C.A. and Cheatham, S. and Chekanov, S. and Chekulaev, S.V. and Chelkov, G.A. and Chelstowska, M.A. and Chen, C. and Chen, H. and Chen, S. and Chen, X. and Chen, Y. and Cheng, Y. and Cheplakov, A. and Cherkaoui El Moursli, R. and Chernyatin, V. and Cheu, E. and Cheung, S.L. and Chevalier, L. and Chiefari, G. and Chikovani, L. and Childers, J.T. and Chilingarov, A. and Chiodini, G. and Chisholm, A.S. and Chislett, R.T. and Chitan, A. and Chizhov, M.V. and Choudalakis, G. and Chouridou, S. and Christidi, I.A. and Christov, A. and Chromek-Burckhart, D. and Chu, M.L. and Chudoba, J. and Ciapetti, G. and Ciftci, A.K. and Ciftci, R. and Cinca, D. and Cindro, V. and Ciocca, C. and Ciocio, A. and Cirilli, M. and Cirkovic, P. and Citron, Z.H. and Citterio, M. and Ciubancan, M. and Clark, A. and Clark, P.J. and Clarke, R.N. and Cleland, W. and Clemens, J.C. and Clement, B. and Clement, C. and Coadou, Y. and Cobal, M. and Coccaro, A. and Cochran, J. and Coffey, L. and Cogan, J.G. and Coggeshall, J. and Cogneras, E. and Colas, J. and Cole, S. and Colijn, A.P. and Collins, N.J. and Collins-Tooth, C. and Collot, J. and Colombo, T. and Colon, G. and Compostella, G. and Conde Muiño, P. and Coniavitis, E. and Conidi, M.C. and Consonni, S.M. and Consorti, V. and Constantinescu, S. and Conta, C. and Conti, G. and Conventi, F. and Cooke, M. and Cooper, B.D. and Cooper-Sarkar, A.M. and Cooper-Smith, N.J. and Copic, K. and Cornelissen, T. and Corradi, M. and Corriveau, F. and Cortes-Gonzalez, A. and Cortiana, G. and Costa, G. and Costa, M.J. and Costanzo, D. and Côté, D. and Courneyea, L. and Cowan, G. and Cowden, C. and Cox, B.E. and Cranmer, K. and Crescioli, F. and Cristinziani, M. and Crosetti, G. and Crépé-Renaudin, S. and Cuciuc, C.-M. and Cuenca Almenar, C. and Cuhadar Donszelmann, T. and Curatolo, M. and Curtis, C.J. and Cuthbert, C. and Cwetanski, P. and Czirr, H. and Czodrowski, P. and Czyczula, Z. and {DʼAuria}, S. and {DʼOnofrio}, M. and {DʼOrazio}, A. and Da Cunha Sargedas De Sousa, M.J. and Da Via, C. and Dabrowski, W. and Dafinca, A. and Dai, T. and Dallapiccola, C. and Dam, M. and Dameri, M. and Damiani, D.S. and Danielsson, H.O. and Dao, V. and Darbo, G. and Darlea, G.L. and Dassoulas, J.A. and Davey, W. and Davidek, T. and Davidson, N. and Davidson, R. and Davies, E. and Davies, M. and Davignon, O. and Davison, A.R. and Davygora, Y. and Dawe, E. and Dawson, I. and Daya-Ishmukhametova, R.K. and De, K. and de Asmundis, R. and De Castro, S. and De Cecco, S. and de Graat, J. and De Groot, N. and de Jong, P. and De La Taille, C. and De la Torre, H. and De Lorenzi, F. and de Mora, L. and De Nooij, L. and De Pedis, D. and De Salvo, A. and De Sanctis, U. and De Santo, A. and De Vivie De Regie, J.B. and De Zorzi, G. and Dearnaley, W.J. and Debbe, R. and Debenedetti, C. and Dechenaux, B. and Dedovich, D.V. and Degenhardt, J. and Del Papa, C. and Del Peso, J. and Del Prete, T. and Delemontex, T. and Deliyergiyev, M. and {DellʼAcqua}, A. and {DellʼAsta}, L. and Della Pietra, M. and della Volpe, D. and Delmastro, M. and Delpierre, P. and Delsart, P.A. and Deluca, C. and Demers, S. and Demichev, M. and Demirkoz, B. and Deng, J. and Denisov, S.P. and Derendarz, D. and Derkaoui, J.E. and Derue, F. and Dervan, P. and Desch, K. and Devetak, E. and Deviveiros, P.O. and Dewhurst, A. and {DeWilde}, B. and Dhaliwal, S. and Dhullipudi, R. and Di Ciaccio, A. and Di Ciaccio, L. and Di Donato, C. and Di Girolamo, A. and Di Girolamo, B. and Di Luise, S. and Di Mattia, A. and Di Micco, B. and Di Nardo, R. and Di Simone, A. and Di Sipio, R. and Diaz, M.A. and Diehl, E.B. and Dietrich, J. and Dietzsch, T.A. and Diglio, S. and Dindar Yagci, K. and Dingfelder, J. and Dinut, F. and Dionisi, C. and Dita, P. and Dita, S. and Dittus, F. and Djama, F. and Djobava, T. and do Vale, M.A.B. and Do Valle Wemans, A. and Doan, T.K.O. and Dobbs, M. and Dobinson, R. and Dobos, D. and Dobson, E. and Dodd, J. and Doglioni, C. and Doherty, T. and Doi, Y. and Dolejsi, J. and Dolenc, I. and Dolezal, Z. and Dolgoshein, B.A. and Dohmae, T. and Donadelli, M. and Donini, J. and Dopke, J. and Doria, A. and Dos Anjos, A. and Dotti, A. and Dova, M.T. and Dowell, J.D. and Doxiadis, A.D. and Doyle, A.T. and Dressnandt, N. and Dris, M. and Dubbert, J. and Dube, S. and Duchovni, E. and Duckeck, G. and Duda, D. and Dudarev, A. and Dudziak, F. and Dührssen, M. and Duerdoth, I.P. and Duflot, L. and Dufour, M.-A. and Duguid, L. and Dunford, M. and Duran Yildiz, H. and Duxfield, R. and Dwuznik, M. and Dydak, F. and Düren, M. and Ebenstein, W.L. and Ebke, J. and Eckweiler, S. and Edmonds, K. and Edson, W. and Edwards, C.A. and Edwards, N.C. and Ehrenfeld, W. and Eifert, T. and Eigen, G. and Einsweiler, K. and Eisenhandler, E. and Ekelof, T. and El Kacimi, M. and Ellert, M. and Elles, S. and Ellinghaus, F. and Ellis, K. and Ellis, N. and Elmsheuser, J. and Elsing, M. and Emeliyanov, D. and Engelmann, R. and Engl, A. and Epp, B. and Erdmann, J. and Ereditato, A. and Eriksson, D. and Ernst, J. and Ernst, M. and Ernwein, J. and Errede, D. and Errede, S. and Ertel, E. and Escalier, M. and Esch, H. and Escobar, C. and Espinal Curull, X. and Esposito, B. and Etienne, F. and Etienvre, A.I. and Etzion, E. and Evangelakou, D. and Evans, H. and Fabbri, L. and Fabre, C. and Fakhrutdinov, R.M. and Falciano, S. and Fang, Y. and Fanti, M. and Farbin, A. and Farilla, A. and Farley, J. and Farooque, T. and Farrell, S. and Farrington, S.M. and Farthouat, P. and Fassi, F. and Fassnacht, P. and Fassouliotis, D. and Fatholahzadeh, B. and Favareto, A. and Fayard, L. and Fazio, S. and Febbraro, R. and Federic, P. and Fedin, O.L. and Fedorko, W. and Fehling-Kaschek, M. and Feligioni, L. and Fellmann, D. and Feng, C. and Feng, E.J. and Fenyuk, A.B. and Ferencei, J. and Fernando, W. and Ferrag, S. and Ferrando, J. and Ferrara, V. and Ferrari, A. and Ferrari, P. and Ferrari, R. and Ferreira de Lima, D.E. and Ferrer, A. and Ferrere, D. and Ferretti, C. and Ferretto Parodi, A. and Fiascaris, M. and Fiedler, F. and Filipčič, A. and Filthaut, F. and Fincke-Keeler, M. and Fiolhais, M.C.N. and Fiorini, L. and Firan, A. and Fischer, G. and Fisher, M.J. and Flechl, M. and Fleck, I. and Fleckner, J. and Fleischmann, P. and Fleischmann, S. and Flick, T. and Floderus, A. and Flores Castillo, L.R. and Flowerdew, M.J. and Fonseca Martin, T. and Formica, A. and Forti, A. and Fortin, D. and Fournier, D. and Fowler, A.J. and Fox, H. and Francavilla, P. and Franchini, M. and Franchino, S. and Francis, D. and Frank, T. and Franklin, M. and Franz, S. and Fraternali, M. and Fratina, S. and French, S.T. and Friedrich, C. and Friedrich, F. and Froeschl, R. and Froidevaux, D. and Frost, J.A. and Fukunaga, C. and Fullana Torregrosa, E. and Fulsom, B.G. and Fuster, J. and Gabaldon, C. and Gabizon, O. and Gadatsch, S. and Gadfort, T. and Gadomski, S. and Gagliardi, G. and Gagnon, P. and Galea, C. and Galhardo, B. and Gallas, E.J. and Gallo, V. and Gallop, B.J. and Gallus, P. and Gan, K.K. and Gao, Y.S. and Gaponenko, A. and Garberson, F. and Garcia-Sciveres, M. and García, C. and García Navarro, J.E. and Gardner, R.W. and Garelli, N. and Garitaonandia, H. and Garonne, V. and Gatti, C. and Gaudio, G. and Gaur, B. and Gauthier, L. and Gauzzi, P. and Gavrilenko, I.L. and Gay, C. and Gaycken, G. and Gazis, E.N. and Ge, P. and Gecse, Z. and Gee, C.N.P. and Geerts, D.A.A. and Geich-Gimbel, Ch. and Gellerstedt, K. and Gemme, C. and Gemmell, A. and Genest, M.H. and Gentile, S. and George, M. and George, S. and Gerlach, P. and Gershon, A. and Geweniger, C. and Ghazlane, H. and Ghodbane, N. and Giacobbe, B. and Giagu, S. and Giakoumopoulou, V. and Giangiobbe, V. and Gianotti, F. and Gibbard, B. and Gibson, A. and Gibson, S.M. and Gilchriese, M. and Gildemeister, O. and Gillberg, D. and Gillman, A.R. and Gingrich, D.M. and Ginzburg, J. and Giokaris, N. and Giordani, M.P. and Giordano, R. and Giorgi, F.M. and Giovannini, P. and Giraud, P.F. and Giugni, D. and Giunta, M. and Giusti, P. and Gjelsten, B.K. and Gladilin, L.K. and Glasman, C. and Glatzer, J. and Glazov, A. and Glitza, K.W. and Glonti, G.L. and Goddard, J.R. and Godfrey, J. and Godlewski, J. and Goebel, M. and Göpfert, T. and Goeringer, C. and Gössling, C. and Goldfarb, S. and Golling, T. and Gomes, A. and Gomez Fajardo, L.S. and Gonçalo, R. and Goncalves Pinto Firmino Da Costa, J. and Gonella, L. and González de la Hoz, S. and Gonzalez Parra, G. and Gonzalez Silva, M.L. and Gonzalez-Sevilla, S. and Goodson, J.J. and Goossens, L. and Gorbounov, P.A. and Gordon, H.A. and Gorelov, I. and Gorfine, G. and Gorini, B. and Gorini, E. and Gorišek, A. and Gornicki, E. and Gosdzik, B. and Goshaw, A.T. and Gosselink, M. and Gostkin, M.I. and Gough Eschrich, I. and Gouighri, M. and Goujdami, D. and Goulette, M.P. and Goussiou, A.G. and Goy, C. and Gozpinar, S. and Grabowska-Bold, I. and Grafström, P. and Grahn, K.-J. and Gramstad, E. and Grancagnolo, F. and Grancagnolo, S. and Grassi, V. and Gratchev, V. and Grau, N. and Gray, H.M. and Gray, J.A. and Graziani, E. and Grebenyuk, O.G. and Greenshaw, T. and Greenwood, Z.D. and Gregersen, K. and Gregor, I.M. and Grenier, P. and Griffiths, J. and Grigalashvili, N. and Grillo, A.A. and Grinstein, S. and Gris, Ph. and Grishkevich, Y.V. and Grivaz, J.-F. and Gross, E. and Grosse-Knetter, J. and Groth-Jensen, J. and Grybel, K. and Guest, D. and Guicheney, C. and Guillemin, T. and Guindon, S. and Gul, U. and Gunther, J. and Guo, B. and Guo, J. and Gutierrez, P. and Guttman, N. and Gutzwiller, O. and Guyot, C. and Gwenlan, C. and Gwilliam, C.B. and Haas, A. and Haas, S. and Haber, C. and Hadavand, H.K. and Hadley, D.R. and Haefner, P. and Hahn, F. and Haider, S. and Hajduk, Z. and Hakobyan, H. and Hall, D. and Haller, J. and Hamacher, K. and Hamal, P. and Hamano, K. and Hamer, M. and Hamilton, A. and Hamilton, S. and Han, L. and Hanagaki, K. and Hanawa, K. and Hance, M. and Handel, C. and Hanke, P. and Hansen, J.R. and Hansen, J.B. and Hansen, J.D. and Hansen, P.H. and Hansson, P. and Hara, K. and Hard, A.S. and Hare, G.A. and Harenberg, T. and Harkusha, S. and Harper, D. and Harrington, R.D. and Harris, O.M. and Hartert, J. and Hartjes, F. and Haruyama, T. and Harvey, A. and Hasegawa, S. and Hasegawa, Y. and Hassani, S. and Haug, S. and Hauschild, M. and Hauser, R. and Havranek, M. and Hawkes, C.M. and Hawkings, R.J. and Hawkins, A.D. and Hayakawa, T. and Hayashi, T. and Hayden, D. and Hays, C.P. and Hayward, H.S. and Haywood, S.J. and Head, S.J. and Hedberg, V. and Heelan, L. and Heim, S. and Heinemann, B. and Heisterkamp, S. and Helary, L. and Heller, C. and Heller, M. and Hellman, S. and Hellmich, D. and Helsens, C. and Henderson, R.C.W. and Henke, M. and Henrichs, A. and Henriques Correia, A.M. and Henrot-Versille, S. and Hensel, C. and Henß, T. and Hernandez, C.M. and Hernández Jiménez, Y. and Herrberg, R. and Herten, G. and Hertenberger, R. and Hervas, L. and Hesketh, G.G. and Hessey, N.P. and Higón-Rodriguez, E. and Hill, J.C. and Hiller, K.H. and Hillert, S. and Hillier, S.J. and Hinchliffe, I. and Hines, E. and Hirose, M. and Hirsch, F. and Hirschbuehl, D. and Hobbs, J. and Hod, N. and Hodgkinson, M.C. and Hodgson, P. and Hoecker, A. and Hoeferkamp, M.R. and Hoffman, J. and Hoffmann, D. and Hohlfeld, M. and Holder, M. and Holmgren, S.O. and Holy, T. and Holzbauer, J.L. and Hong, T.M. and Hooft van Huysduynen, L. and Horner, S. and Hostachy, J.-Y. and Hou, S. and Hoummada, A. and Howard, J. and Howarth, J. and Hristova, I. and Hrivnac, J. and Hrynʼova, T. and Hsu, P.J. and Hsu, S.-C. and Hu, D. and Hubacek, Z. and Hubaut, F. and Huegging, F. and Huettmann, A. and Huffman, T.B. and Hughes, E.W. and Hughes, G. and Huhtinen, M. and Hurwitz, M. and Huseynov, N. and Huston, J. and Huth, J. and Iacobucci, G. and Iakovidis, G. and Ibbotson, M. and Ibragimov, I. and Iconomidou-Fayard, L. and Idarraga, J. and Iengo, P. and Igonkina, O. and Ikegami, Y. and Ikeno, M. and Iliadis, D. and Ilic, N. and Ince, T. and Inigo-Golfin, J. and Ioannou, P. and Iodice, M. and Iordanidou, K. and Ippolito, V. and Irles Quiles, A. and Isaksson, C. and Ishino, M. and Ishitsuka, M. and Ishmukhametov, R. and Issever, C. and Istin, S. and Ivashin, A.V. and Iwanski, W. and Iwasaki, H. and Izen, J.M. and Izzo, V. and Jackson, B. and Jackson, J.N. and Jackson, P. and Jaekel, M.R. and Jain, V. and Jakobs, K. and Jakobsen, S. and Jakoubek, T. and Jakubek, J. and Jamin, D.O. and Jana, D.K. and Jansen, E. and Jansen, H. and Jantsch, A. and Janus, M. and Jarlskog, G. and Jeanty, L. and Jen-La Plante, I. and Jennens, D. and Jenni, P. and Loevschall-Jensen, A.E. and Jež, P. and Jézéquel, S. and Jha, M.K. and Ji, H. and Ji, W. and Jia, J. and Jiang, Y. and Jimenez Belenguer, M. and Jin, S. and Jinnouchi, O. and Joergensen, M.D. and Joffe, D. and Johansen, M. and Johansson, K.E. and Johansson, P. and Johnert, S. and Johns, K.A. and Jon-And, K. and Jones, G. and Jones, R.W.L. and Jones, T.J. and Joram, C. and Jorge, P.M. and Joshi, K.D. and Jovicevic, J. and Jovin, T. and Ju, X. and Jung, C.A. and Jungst, R.M. and Juranek, V. and Jussel, P. and Juste Rozas, A. and Kabana, S. and Kaci, M. and Kaczmarska, A. and Kadlecik, P. and Kado, M. and Kagan, H. and Kagan, M. and Kajomovitz, E. and Kalinin, S. and Kalinovskaya, L.V. and Kama, S. and Kanaya, N. and Kaneda, M. and Kaneti, S. and Kanno, T. and Kantserov, V.A. and Kanzaki, J. and Kaplan, B. and Kapliy, A. and Kaplon, J. and Kar, D. and Karagounis, M. and Karakostas, K. and Karnevskiy, M. and Kartvelishvili, V. and Karyukhin, A.N. and Kashif, L. and Kasieczka, G. and Kass, R.D. and Kastanas, A. and Kataoka, M. and Kataoka, Y. and Katsoufis, E. and Katzy, J. and Kaushik, V. and Kawagoe, K. and Kawamoto, T. and Kawamura, G. and Kayl, M.S. and Kazama, S. and Kazanin, V.A. and Kazarinov, M.Y. and Keeler, R. and Keener, P.T. and Kehoe, R. and Keil, M. and Kekelidze, G.D. and Keller, J.S. and Kenyon, M. and Kepka, O. and Kerschen, N. and Kerševan, B.P. and Kersten, S. and Kessoku, K. and Keung, J. and Khalil-zada, F. and Khandanyan, H. and Khanov, A. and Kharchenko, D. and Khodinov, A. and Khomich, A. and Khoo, T.J. and Khoriauli, G. and Khoroshilov, A. and Khovanskiy, V. and Khramov, E. and Khubua, J. and Kim, H. and Kim, S.H. and Kimura, N. and Kind, O. and King, B.T. and King, M. and King, R.S.B. and Kirk, J. and Kiryunin, A.E. and Kishimoto, T. and Kisielewska, D. and Kitamura, T. and Kittelmann, T. and Kiuchi, K. and Kladiva, E. and Klein, M. and Klein, U. and Kleinknecht, K. and Klemetti, M. and Klier, A. and Klimek, P. and Klimentov, A. and Klingenberg, R. and Klinger, J.A. and Klinkby, E.B. and Klioutchnikova, T. and Klok, P.F. and Klous, S. and Kluge, E.-E. and Kluge, T. and Kluit, P. and Kluth, S. and Kneringer, E. and Knoops, E.B.F.G. and Knue, A. and Ko, B.R. and Kobayashi, T. and Kobel, M. and Kocian, M. and Kodys, P. and Köneke, K. and König, A.C. and Koenig, S. and Köpke, L. and Koetsveld, F. and Koevesarki, P. and Koffas, T. and Koffeman, E. and Kogan, L.A. and Kohlmann, S. and Kohn, F. and Kohout, Z. and Kohriki, T. and Koi, T. and Kolachev, G.M. and Kolanoski, H. and Kolesnikov, V. and Koletsou, I. and Koll, J. and Komar, A.A. and Komori, Y. and Kondo, T. and Kono, T. and Kononov, A.I. and Konoplich, R. and Konstantinidis, N. and Kopeliansky, R. and Koperny, S. and Korcyl, K. and Kordas, K. and Korn, A. and Korol, A. and Korolkov, I. and Korolkova, E.V. and Korotkov, V.A. and Kortner, O. and Kortner, S. and Kostyukhin, V.V. and Kotov, S. and Kotov, V.M. and Kotwal, A. and Kourkoumelis, C. and Kouskoura, V. and Koutsman, A. and Kowalewski, R. and Kowalski, T.Z. and Kozanecki, W. and Kozhin, A.S. and Kral, V. and Kramarenko, V.A. and Kramberger, G. and Krasny, M.W. and Krasznahorkay, A. and Kraus, J.K. and Kreiss, S. and Krejci, F. and Kretzschmar, J. and Krieger, N. and Krieger, P. and Kroeninger, K. and Kroha, H. and Kroll, J. and Kroseberg, J. and Krstic, J. and Kruchonak, U. and Krüger, H. and Kruker, T. and Krumnack, N. and Krumshteyn, Z.V. and Kruse, A. and Kubota, T. and Kuday, S. and Kuehn, S. and Kugel, A. and Kuhl, T. and Kuhn, D. and Kukhtin, V. and Kulchitsky, Y. and Kuleshov, S. and Kummer, C. and Kuna, M. and Kunkle, J. and Kupco, A. and Kurashige, H. and Kurata, M. and Kurochkin, Y.A. and Kus, V. and Kuwertz, E.S. and Kuze, M. and Kvita, J. and Kwee, R. and La Rosa, A. and La Rotonda, L. and Labarga, L. and Labbe, J. and Lablak, S. and Lacasta, C. and Lacava, F. and Lacey, J. and Lacker, H. and Lacour, D. and Lacuesta, V.R. and Ladygin, E. and Lafaye, R. and Laforge, B. and Lagouri, T. and Lai, S. and Laisne, E. and Lamanna, M. and Lambourne, L. and Lampen, C.L. and Lampl, W. and Lancon, E. and Landgraf, U. and Landon, M.P.J. and Lang, V.S. and Lange, C. and Lankford, A.J. and Lanni, F. and Lantzsch, K. and Laplace, S. and Lapoire, C. and Laporte, J.F. and Lari, T. and Larner, A. and Lassnig, M. and Laurelli, P. and Lavorini, V. and Lavrijsen, W. and Laycock, P. and Lazovich, T. and Le Dortz, O. and Le Guirriec, E. and Le Menedeu, E. and {LeCompte}, T. and Ledroit-Guillon, F. and Lee, H. and Lee, J.S.H. and Lee, S.C. and Lee, L. and Lefebvre, M. and Legendre, M. and Legger, F. and Leggett, C. and Lehmacher, M. and Lehmann Miotto, G. and Lei, X. and Leite, M.A.L. and Leitner, R. and Lellouch, D. and Lemmer, B. and Lendermann, V. and Leney, K.J.C. and Lenz, T. and Lenzen, G. and Lenzi, B. and Leonhardt, K. and Leontsinis, S. and Lepold, F. and Leroy, C. and Lessard, J.-R. and Lester, C.G. and Lester, C.M. and Levêque, J. and Levin, D. and Levinson, L.J. and Lewis, A. and Lewis, G.H. and Leyko, A.M. and Leyton, M. and Li, B. and Li, H. and Li, H.L. and Li, S. and Li, X. and Liang, Z. and Liao, H. and Liberti, B. and Lichard, P. and Lichtnecker, M. and Lie, K. and Liebig, W. and Limbach, C. and Limosani, A. and Limper, M. and Lin, S.C. and Linde, F. and Linnemann, J.T. and Lipeles, E. and Lipniacka, A. and Liss, T.M. and Lissauer, D. and Lister, A. and Litke, A.M. and Liu, C. and Liu, D. and Liu, H. and Liu, J.B. and Liu, K. and Liu, L. and Liu, M. and Liu, Y. and Livan, M. and Livermore, S.S.A. and Lleres, A. and Llorente Merino, J. and Lloyd, S.L. and Lobodzinska, E. and Loch, P. and Lockman, W.S. and Loddenkoetter, T. and Loebinger, F.K. and Loginov, A. and Loh, C.W. and Lohse, T. and Lohwasser, K. and Lokajicek, M. and Lombardo, V.P. and Long, J.D. and Long, R.E. and Lopes, L. and Lopez Mateos, D. and Lorenz, J. and Lorenzo Martinez, N. and Losada, M. and Loscutoff, P. and Lo Sterzo, F. and Losty, M.J. and Lou, X. and Lounis, A. and Loureiro, K.F. and Love, J. and Love, P.A. and Lowe, A.J. and Lu, F. and Lubatti, H.J. and Luci, C. and Lucotte, A. and Ludwig, A. and Ludwig, D. and Ludwig, I. and Ludwig, J. and Luehring, F. and Luijckx, G. and Lukas, W. and Luminari, L. and Lund, E. and Lund-Jensen, B. and Lundberg, B. and Lundberg, J. and Lundberg, O. and Lundquist, J. and Lungwitz, M. and Lynn, D. and Lytken, E. and Ma, H. and Ma, L.L. and Maccarrone, G. and Macchiolo, A. and Maček, B. and Machado Miguens, J. and Mackeprang, R. and Madaras, R.J. and Maddocks, H.J. and Mader, W.F. and Maenner, R. and Maeno, T. and Mättig, P. and Mättig, S. and Magnoni, L. and Magradze, E. and Mahboubi, K. and Mahlstedt, J. and Mahmoud, S. and Mahout, G. and Maiani, C. and Maidantchik, C. and Maio, A. and Majewski, S. and Makida, Y. and Makovec, N. and Mal, P. and Malaescu, B. and Malecki, Pa. and Malecki, P. and Maleev, V.P. and Malek, F. and Mallik, U. and Malon, D. and Malone, C. and Maltezos, S. and Malyshev, V. and Malyukov, S. and Mameghani, R. and Mamuzic, J. and Manabe, A. and Mandelli, L. and Mandić, I. and Mandrysch, R. and Maneira, J. and Manfredini, A. and Mangeard, P.S. and Manhaes de Andrade Filho, L. and Manjarres Ramos, J.A. and Mann, A. and Manning, P.M. and Manousakis-Katsikakis, A. and Mansoulie, B. and Mapelli, A. and Mapelli, L. and March, L. and Marchand, J.F. and Marchese, F. and Marchiori, G. and Marcisovsky, M. and Marino, C.P. and Marroquim, F. and Marshall, Z. and Martens, F.K. and Marti, L.F. and Marti-Garcia, S. and Martin, B. and Martin, B. and Martin, J.P. and Martin, T.A. and Martin, V.J. and Martin dit Latour, B. and Martin-Haugh, S. and Martinez, M. and Martinez Outschoorn, V. and Martyniuk, A.C. and Marx, M. and Marzano, F. and Marzin, A. and Masetti, L. and Mashimo, T. and Mashinistov, R. and Masik, J. and Maslennikov, A.L. and Massa, I. and Massaro, G. and Massol, N. and Mastrandrea, P. and Mastroberardino, A. and Masubuchi, T. and Matricon, P. and Matsunaga, H. and Matsushita, T. and Mattravers, C. and Maurer, J. and Maxfield, S.J. and Mayne, A. and Mazini, R. and Mazur, M. and Mazzaferro, L. and Mazzanti, M. and Mc Donald, J. and Mc Kee, S.P. and {McCarn}, A. and {McCarthy}, R.L. and {McCarthy}, T.G. and {McCubbin}, N.A. and {McFarlane}, K.W. and Mcfayden, J.A. and Mchedlidze, G. and Mclaughlan, T. and {McMahon}, S.J. and {McPherson}, R.A. and Meade, A. and Mechnich, J. and Mechtel, M. and Medinnis, M. and Meera-Lebbai, R. and Meguro, T. and Mehdiyev, R. and Mehlhase, S. and Mehta, A. and Meier, K. and Meirose, B. and Melachrinos, C. and Mellado Garcia, B.R. and Meloni, F. and Mendoza Navas, L. and Meng, Z. and Mengarelli, A. and Menke, S. and Meoni, E. and Mercurio, K.M. and Mermod, P. and Merola, L. and Meroni, C. and Merritt, F.S. and Merritt, H. and Messina, A. and Metcalfe, J. and Mete, A.S. and Meyer, C. and Meyer, C. and Meyer, J.-P. and Meyer, J. and Meyer, J. and Meyer, T.C. and Michal, S. and Micu, L. and Middleton, R.P. and Migas, S. and Mijović, L. and Mikenberg, G. and Mikestikova, M. and Mikuž, M. and Miller, D.W. and Miller, R.J. and Mills, W.J. and Mills, C. and Milov, A. and Milstead, D.A. and Milstein, D. and Minaenko, A.A. and Miñano Moya, M. and Minashvili, I.A. and Mincer, A.I. and Mindur, B. and Mineev, M. and Ming, Y. and Mir, L.M. and Mirabelli, G. and Mitrevski, J. and Mitsou, V.A. and Mitsui, S. and Miyagawa, P.S. and Mjörnmark, J.U. and Moa, T. and Moeller, V. and Mönig, K. and Möser, N. and Mohapatra, S. and Mohr, W. and Moles-Valls, R. and Molfetas, A. and Monk, J. and Monnier, E. and Montejo Berlingen, J. and Monticelli, F. and Monzani, S. and Moore, R.W. and Moorhead, G.F. and Mora Herrera, C. and Moraes, A. and Morange, N. and Morel, J. and Morello, G. and Moreno, D. and Moreno Llácer, M. and Morettini, P. and Morgenstern, M. and Morii, M. and Morley, A.K. and Mornacchi, G. and Morris, J.D. and Morvaj, L. and Moser, H.G. and Mosidze, M. and Moss, J. and Mount, R. and Mountricha, E. and Mouraviev, S.V. and Moyse, E.J.W. and Mueller, F. and Mueller, J. and Mueller, K. and Müller, T.A. and Mueller, T. and Muenstermann, D. and Munwes, Y. and Murray, W.J. and Mussche, I. and Musto, E. and Myagkov, A.G. and Myska, M. and Nackenhorst, O. and Nadal, J. and Nagai, K. and Nagai, R. and Nagano, K. and Nagarkar, A. and Nagasaka, Y. and Nagel, M. and Nairz, A.M. and Nakahama, Y. and Nakamura, K. and Nakamura, T. and Nakano, I. and Nanava, G. and Napier, A. and Narayan, R. and Nash, M. and Nattermann, T. and Naumann, T. and Navarro, G. and Neal, H.A. and Nechaeva, P.Yu. and Neep, T.J. and Negri, A. and Negri, G. and Negrini, M. and Nektarijevic, S. and Nelson, A. and Nelson, T.K. and Nemecek, S. and Nemethy, P. and Nepomuceno, A.A. and Nessi, M. and Neubauer, M.S. and Neumann, M. and Neusiedl, A. and Neves, R.M. and Nevski, P. and Newcomer, F.M. and Newman, P.R. and Nguyen Thi Hong, V. and Nickerson, R.B. and Nicolaidou, R. and Nicquevert, B. and Niedercorn, F. and Nielsen, J. and Nikiforou, N. and Nikiforov, A. and Nikolaenko, V. and Nikolic-Audit, I. and Nikolics, K. and Nikolopoulos, K. and Nilsen, H. and Nilsson, P. and Ninomiya, Y. and Nisati, A. and Nisius, R. and Nobe, T. and Nodulman, L. and Nomachi, M. and Nomidis, I. and Norberg, S. and Nordberg, M. and Norton, P.R. and Novakova, J. and Nozaki, M. and Nozka, L. and Nugent, I.M. and Nuncio-Quiroz, A.-E. and Nunes Hanninger, G. and Nunnemann, T. and Nurse, E. and {OʼBrien}, B.J. and {OʼNeil}, D.C. and {OʼShea}, V. and Oakes, L.B. and Oakham, F.G. and Oberlack, H. and Ocariz, J. and Ochi, A. and Oda, S. and Odaka, S. and Odier, J. and Ogren, H. and Oh, A. and Oh, S.H. and Ohm, C.C. and Ohshima, T. and Okamura, W. and Okawa, H. and Okumura, Y. and Okuyama, T. and Olariu, A. and Olchevski, A.G. and Olivares Pino, S.A. and Oliveira, M. and Oliveira Damazio, D. and Oliver Garcia, E. and Olivito, D. and Olszewski, A. and Olszowska, J. and Onofre, A. and Onyisi, P.U.E. and Oram, C.J. and Oreglia, M.J. and Oren, Y. and Orestano, D. and Orlando, N. and Orlov, I. and Oropeza Barrera, C. and Orr, R.S. and Osculati, B. and Ospanov, R. and Osuna, C. and Otero y Garzon, G. and Ottersbach, J.P. and Ouchrif, M. and Ouellette, E.A. and Ould-Saada, F. and Ouraou, A. and Ouyang, Q. and Ovcharova, A. and Owen, M. and Owen, S. and Ozcan, V.E. and Ozturk, N. and Pacheco Pages, A. and Padilla Aranda, C. and Pagan Griso, S. and Paganis, E. and Pahl, C. and Paige, F. and Pais, P. and Pajchel, K. and Palacino, G. and Paleari, C.P. and Palestini, S. and Pallin, D. and Palma, A. and Palmer, J.D. and Pan, Y.B. and Panagiotopoulou, E. and Panduro Vazquez, J.G. and Pani, P. and Panikashvili, N. and Panitkin, S. and Pantea, D. and Papadelis, A. and Papadopoulou, Th.D. and Paramonov, A. and Paredes Hernandez, D. and Park, W. and Parker, M.A. and Parodi, F. and Parsons, J.A. and Parzefall, U. and Pashapour, S. and Pasqualucci, E. and Passaggio, S. and Passeri, A. and Pastore, F. and Pastore, Fr. and Pásztor, G. and Pataraia, S. and Patel, N. and Pater, J.R. and Patricelli, S. and Pauly, T. and Pecsy, M. and Pedraza Lopez, S. and Pedraza Morales, M.I. and Peleganchuk, S.V. and Pelikan, D. and Peng, H. and Penning, B. and Penson, A. and Penwell, J. and Perantoni, M. and Perez, K. and Perez Cavalcanti, T. and Perez Codina, E. and Pérez García-Estañ, M.T. and Perez Reale, V. and Perini, L. and Pernegger, H. and Perrino, R. and Perrodo, P. and Peshekhonov, V.D. and Peters, K. and Petersen, B.A. and Petersen, J. and Petersen, T.C. and Petit, E. and Petridis, A. and Petridou, C. and Petrolo, E. and Petrucci, F. and Petschull, D. and Petteni, M. and Pezoa, R. and Phan, A. and Phillips, P.W. and Piacquadio, G. and Picazio, A. and Piccaro, E. and Piccinini, M. and Piec, S.M. and Piegaia, R. and Pignotti, D.T. and Pilcher, J.E. and Pilkington, A.D. and Pina, J. and Pinamonti, M. and Pinder, A. and Pinfold, J.L. and Pinto, B. and Pizio, C. and Plamondon, M. and Pleier, M.-A. and Plotnikova, E. and Poblaguev, A. and Poddar, S. and Podlyski, F. and Poggioli, L. and Pohl, D. and Pohl, M. and Polesello, G. and Policicchio, A. and Polifka, R. and Polini, A. and Poll, J. and Polychronakos, V. and Pomeroy, D. and Pommès, K. and Pontecorvo, L. and Pope, B.G. and Popeneciu, G.A. and Popovic, D.S. and Poppleton, A. and Portell Bueso, X. and Pospelov, G.E. and Pospisil, S. and Potrap, I.N. and Potter, C.J. and Potter, C.T. and Poulard, G. and Poveda, J. and Pozdnyakov, V. and Prabhu, R. and Pralavorio, P. and Pranko, A. and Prasad, S. and Pravahan, R. and Prell, S. and Pretzl, K. and Price, D. and Price, J. and Price, L.E. and Prieur, D. and Primavera, M. and Prokofiev, K. and Prokoshin, F. and Protopopescu, S. and Proudfoot, J. and Prudent, X. and Przybycien, M. and Przysiezniak, H. and Psoroulas, S. and Ptacek, E. and Pueschel, E. and Purdham, J. and Purohit, M. and Puzo, P. and Pylypchenko, Y. and Qian, J. and Quadt, A. and Quarrie, D.R. and Quayle, W.B. and Quinonez, F. and Raas, M. and Raddum, S. and Radeka, V. and Radescu, V. and Radloff, P. and Rador, T. and Ragusa, F. and Rahal, G. and Rahimi, A.M. and Rahm, D. and Rajagopalan, S. and Rammensee, M. and Rammes, M. and Randle-Conde, A.S. and Randrianarivony, K. and Rauscher, F. and Rave, T.C. and Raymond, M. and Read, A.L. and Rebuzzi, D.M. and Redelbach, A. and Redlinger, G. and Reece, R. and Reeves, K. and Reinherz-Aronis, E. and Reinsch, A. and Reisinger, I. and Rembser, C. and Ren, Z.L. and Renaud, A. and Rescigno, M. and Resconi, S. and Resende, B. and Reznicek, P. and Rezvani, R. and Richter, R. and Richter-Was, E. and Ridel, M. and Rijpstra, M. and Rijssenbeek, M. and Rimoldi, A. and Rinaldi, L. and Rios, R.R. and Riu, I. and Rivoltella, G. and Rizatdinova, F. and Rizvi, E. and Robertson, S.H. and Robichaud-Veronneau, A. and Robinson, D. and Robinson, J.E.M. and Robson, A. and Rocha de Lima, J.G. and Roda, C. and Roda Dos Santos, D. and Roe, A. and Roe, S. and Røhne, O. and Rolli, S. and Romaniouk, A. and Romano, M. and Romeo, G. and Romero Adam, E. and Rompotis, N. and Roos, L. and Ros, E. and Rosati, S. and Rosbach, K. and Rose, A. and Rose, M. and Rosenbaum, G.A. and Rosenberg, E.I. and Rosendahl, P.L. and Rosenthal, O. and Rosselet, L. and Rossetti, V. and Rossi, E. and Rossi, L.P. and Rotaru, M. and Roth, I. and Rothberg, J. and Rousseau, D. and Royon, C.R. and Rozanov, A. and Rozen, Y. and Ruan, X. and Rubbo, F. and Rubinskiy, I. and Ruckstuhl, N. and Rud, V.I. and Rudolph, C. and Rudolph, G. and Rühr, F. and Ruiz-Martinez, A. and Rumyantsev, L. and Rurikova, Z. and Rusakovich, N.A. and Rutherfoord, J.P. and Ruzicka, P. and Ryabov, Y.F. and Rybar, M. and Rybkin, G. and Ryder, N.C. and Saavedra, A.F. and Sadeh, I. and Sadrozinski, H.F.-W. and Sadykov, R. and Safai Tehrani, F. and Sakamoto, H. and Salamanna, G. and Salamon, A. and Saleem, M. and Salek, D. and Salihagic, D. and Salnikov, A. and Salt, J. and Salvachua Ferrando, B.M. and Salvatore, D. and Salvatore, F. and Salvucci, A. and Salzburger, A. and Sampsonidis, D. and Samset, B.H. and Sanchez, A. and Sanchez Martinez, V. and Sandaker, H. and Sander, H.G. and Sanders, M.P. and Sandhoff, M. and Sandoval, T. and Sandoval, C. and Sandstroem, R. and Sankey, D.P.C. and Sansoni, A. and Santamarina Rios, C. and Santoni, C. and Santonico, R. and Santos, H. and Saraiva, J.G. and Sarangi, T. and Sarkisyan-Grinbaum, E. and Sarri, F. and Sartisohn, G. and Sasaki, O. and Sasaki, Y. and Sasao, N. and Satsounkevitch, I. and Sauvage, G. and Sauvan, E. and Sauvan, J.B. and Savard, P. and Savinov, V. and Savu, D.O. and Sawyer, L. and Saxon, D.H. and Saxon, J. and Sbarra, C. and Sbrizzi, A. and Scannicchio, D.A. and Scarcella, M. and Schaarschmidt, J. and Schacht, P. and Schaefer, D. and Schäfer, U. and Schaelicke, A. and Schaepe, S. and Schaetzel, S. and Schaffer, A.C. and Schaile, D. and Schamberger, R.D. and Schamov, A.G. and Scharf, V. and Schegelsky, V.A. and Scheirich, D. and Schernau, M. and Scherzer, M.I. and Schiavi, C. and Schieck, J. and Schioppa, M. and Schlenker, S. and Schmid, P. and Schmidt, E. and Schmieden, K. and Schmitt, C. and Schmitt, S. and Schmitz, M. and Schneider, B. and Schnoor, U. and Schoeffel, L. and Schoening, A. and Schorlemmer, A.L.S. and Schott, M. and Schouten, D. and Schovancova, J. and Schram, M. and Schroeder, C. and Schroer, N. and Schultens, M.J. and Schultes, J. and Schultz-Coulon, H.-C. and Schulz, H. and Schumacher, M. and Schumm, B.A. and Schune, Ph. and Schwanenberger, C. and Schwartzman, A. and Schwegler, Ph. and Schwemling, Ph. and Schwienhorst, R. and Schwierz, R. and Schwindling, J. and Schwindt, T. and Schwoerer, M. and Sciolla, G. and Scott, W.G. and Searcy, J. and Sedov, G. and Sedykh, E. and Seidel, S.C. and Seiden, A. and Seifert, F. and Seixas, J.M. and Sekhniaidze, G. and Sekula, S.J. and Selbach, K.E. and Seliverstov, D.M. and Sellden, B. and Sellers, G. and Seman, M. and Semprini-Cesari, N. and Serfon, C. and Serin, L. and Serkin, L. and Seuster, R. and Severini, H. and Sfyrla, A. and Shabalina, E. and Shamim, M. and Shan, L.Y. and Shank, J.T. and Shao, Q.T. and Shapiro, M. and Shatalov, P.B. and Shaw, K. and Sherman, D. and Sherwood, P. and Shimizu, S. and Shimojima, M. and Shin, T. and Shiyakova, M. and Shmeleva, A. and Shochet, M.J. and Short, D. and Shrestha, S. and Shulga, E. and Shupe, M.A. and Sicho, P. and Sidoti, A. and Siegert, F. and Sijacki, Dj. and Silbert, O. and Silva, J. and Silver, Y. and Silverstein, D. and Silverstein, S.B. and Simak, V. and Simard, O. and Simic, Lj. and Simion, S. and Simioni, E. and Simmons, B. and Simoniello, R. and Simonyan, M. and Sinervo, P. and Sinev, N.B. and Sipica, V. and Siragusa, G. and Sircar, A. and Sisakyan, A.N. and Sivoklokov, S.Yu. and Sjölin, J. and Sjursen, T.B. and Skinnari, L.A. and Skottowe, H.P. and Skovpen, K. and Skubic, P. and Slater, M. and Slavicek, T. and Sliwa, K. and Smakhtin, V. and Smart, B.H. and Smestad, L. and Smirnov, S.Yu. and Smirnov, Y. and Smirnova, L.N. and Smirnova, O. and Smith, B.C. and Smith, D. and Smith, K.M. and Smizanska, M. and Smolek, K. and Snesarev, A.A. and Snow, S.W. and Snow, J. and Snyder, S. and Sobie, R. and Sodomka, J. and Soffer, A. and Solans, C.A. and Solar, M. and Solc, J. and Soldatov, E.Yu. and Soldevila, U. and Solfaroli Camillocci, E. and Solodkov, A.A. and Solovyanov, O.V. and Solovyev, V. and Soni, N. and Sopko, V. and Sopko, B. and Sosebee, M. and Soualah, R. and Soukharev, A. and Spagnolo, S. and Spanò, F. and Spearman, W.R. and Spighi, R. and Spigo, G. and Spiwoks, R. and Spousta, M. and Spreitzer, T. and Spurlock, B. and St. Denis, R.D. and Stahlman, J. and Stamen, R. and Stanecka, E. and Stanek, R.W. and Stanescu, C. and Stanescu-Bellu, M. and Stanitzki, M.M. and Stapnes, S. and Starchenko, E.A. and Stark, J. and Staroba, P. and Starovoitov, P. and Staszewski, R. and Staude, A. and Stavina, P. and Steele, G. and Steinbach, P. and Steinberg, P. and Stekl, I. and Stelzer, B. and Stelzer, H.J. and Stelzer-Chilton, O. and Stenzel, H. and Stern, S. and Stewart, G.A. and Stillings, J.A. and Stockton, M.C. and Stoerig, K. and Stoicea, G. and Stonjek, S. and Strachota, P. and Stradling, A.R. and Straessner, A. and Strandberg, J. and Strandberg, S. and Strandlie, A. and Strang, M. and Strauss, E. and Strauss, M. and Strizenec, P. and Ströhmer, R. and Strom, D.M. and Strong, J.A. and Stroynowski, R. and Stugu, B. and Stumer, I. and Stupak, J. and Sturm, P. and Styles, N.A. and Soh, D.A. and Su, D. and Subramania, {HS}. and Subramaniam, R. and Succurro, A. and Sugaya, Y. and Suhr, C. and Suk, M. and Sulin, V.V. and Sultansoy, S. and Sumida, T. and Sun, X. and Sundermann, J.E. and Suruliz, K. and Susinno, G. and Sutton, M.R. and Suzuki, Y. and Suzuki, Y. and Svatos, M. and Swedish, S. and Sykora, I. and Sykora, T. and Sánchez, J. and Ta, D. and Tackmann, K. and Taffard, A. and Tafirout, R. and Taiblum, N. and Takahashi, Y. and Takai, H. and Takashima, R. and Takeda, H. and Takeshita, T. and Takubo, Y. and Talby, M. and Talyshev, A. and Tamsett, M.C. and Tan, K.G. and Tanaka, J. and Tanaka, R. and Tanaka, S. and Tanaka, S. and Tanasijczuk, A.J. and Tani, K. and Tannoury, N. and Tapprogge, S. and Tardif, D. and Tarem, S. and Tarrade, F. and Tartarelli, G.F. and Tas, P. and Tasevsky, M. and Tassi, E. and Tatarkhanov, M. and Tayalati, Y. and Taylor, C. and Taylor, F.E. and Taylor, G.N. and Taylor, W. and Teinturier, M. and Teischinger, F.A. and Teixeira Dias Castanheira, M. and Teixeira-Dias, P. and Temming, K.K. and Ten Kate, H. and Teng, P.K. and Terada, S. and Terashi, K. and Terron, J. and Testa, M. and Teuscher, R.J. and Therhaag, J. and Theveneaux-Pelzer, T. and Thoma, S. and Thomas, J.P. and Thompson, E.N. and Thompson, P.D. and Thompson, P.D. and Thompson, A.S. and Thomsen, L.A. and Thomson, E. and Thomson, M. and Thong, W.M. and Thun, R.P. and Tian, F. and Tibbetts, M.J. and Tic, T. and Tikhomirov, V.O. and Tikhonov, Y.A. and Timoshenko, S. and Tiouchichine, E. and Tipton, P. and Tisserant, S. and Todorov, T. and Todorova-Nova, S. and Toggerson, B. and Tojo, J. and Tokár, S. and Tokushuku, K. and Tollefson, K. and Tomoto, M. and Tompkins, L. and Toms, K. and Tonoyan, A. and Topfel, C. and Topilin, N.D. and Torchiani, I. and Torrence, E. and Torres, H. and Torró Pastor, E. and Toth, J. and Touchard, F. and Tovey, D.R. and Trefzger, T. and Tremblet, L. and Tricoli, A. and Trigger, I.M. and Trilling, G. and Trincaz-Duvoid, S. and Tripiana, M.F. and Triplett, N. and Trischuk, W. and Trocmé, B. and Troncon, C. and Trottier-{McDonald}, M. and Trzebinski, M. and Trzupek, A. and Tsarouchas, C. and Tseng, J.C.-L. and Tsiakiris, M. and Tsiareshka, P.V. and Tsionou, D. and Tsipolitis, G. and Tsiskaridze, S. and Tsiskaridze, V. and Tskhadadze, E.G. and Tsukerman, I.I. and Tsulaia, V. and Tsung, J.-W. and Tsuno, S. and Tsybychev, D. and Tua, A. and Tudorache, A. and Tudorache, V. and Tuggle, J.M. and Turala, M. and Turecek, D. and Turk Cakir, I. and Turlay, E. and Turra, R. and Tuts, P.M. and Tykhonov, A. and Tylmad, M. and Tyndel, M. and Tzanakos, G. and Uchida, K. and Ueda, I. and Ueno, R. and Ugland, M. and Uhlenbrock, M. and Uhrmacher, M. and Ukegawa, F. and Unal, G. and Undrus, A. and Unel, G. and Unno, Y. and Urbaniec, D. and Urquijo, P. and Usai, G. and Uslenghi, M. and Vacavant, L. and Vacek, V. and Vachon, B. and Vahsen, S. and Valenta, J. and Valentinetti, S. and Valero, A. and Valkar, S. and Valladolid Gallego, E. and Vallecorsa, S. and Valls Ferrer, J.A. and Van Berg, R. and Van Der Deijl, P.C. and van der Geer, R. and van der Graaf, H. and Van Der Leeuw, R. and van der Poel, E. and van der Ster, D. and van Eldik, N. and van Gemmeren, P. and van Vulpen, I. and Vanadia, M. and Vandelli, W. and Vanguri, R. and Vaniachine, A. and Vankov, P. and Vannucci, F. and Vari, R. and Varol, T. and Varouchas, D. and Vartapetian, A. and Varvell, K.E. and Vassilakopoulos, V.I. and Vazeille, F. and Vazquez Schroeder, T. and Vegni, G. and Veillet, J.J. and Veloso, F. and Veness, R. and Veneziano, S. and Ventura, A. and Ventura, D. and Venturi, M. and Venturi, N. and Vercesi, V. and Verducci, M. and Verkerke, W. and Vermeulen, J.C. and Vest, A. and Vetterli, M.C. and Vichou, I. and Vickey, T. and Vickey Boeriu, O.E. and Viehhauser, G.H.A. and Viel, S. and Villa, M. and Villaplana Perez, M. and Vilucchi, E. and Vincter, M.G. and Vinek, E. and Vinogradov, V.B. and Virchaux, M. and Virzi, J. and Vitells, O. and Viti, M. and Vivarelli, I. and Vives Vaque, F. and Vlachos, S. and Vladoiu, D. and Vlasak, M. and Vogel, A. and Vokac, P. and Volpi, G. and Volpi, M. and Volpini, G. and von der Schmitt, H. and von Radziewski, H. and von Toerne, E. and Vorobel, V. and Vorwerk, V. and Vos, M. and Voss, R. and Voss, T.T. and Vossebeld, J.H. and Vranjes, N. and Vranjes Milosavljevic, M. and Vrba, V. and Vreeswijk, M. and Vu Anh, T. and Vuillermet, R. and Vukotic, I. and Wagner, W. and Wagner, P. and Wahlen, H. and Wahrmund, S. and Wakabayashi, J. and Walch, S. and Walder, J. and Walker, R. and Walkowiak, W. and Wall, R. and Waller, P. and Walsh, B. and Wang, C. and Wang, F. and Wang, H. and Wang, H. and Wang, J. and Wang, J. and Wang, R. and Wang, S.M. and Wang, T. and Warburton, A. and Ward, C.P. and Wardrope, D.R. and Warsinsky, M. and Washbrook, A. and Wasicki, C. and Watanabe, I. and Watkins, P.M. and Watson, A.T. and Watson, I.J. and Watson, M.F. and Watts, G. and Watts, S. and Waugh, A.T. and Waugh, B.M. and Weber, M.S. and Weber, P. and Webster, J.S. and Weidberg, A.R. and Weigell, P. and Weingarten, J. and Weiser, C. and Wells, P.S. and Wenaus, T. and Wendland, D. and Weng, Z. and Wengler, T. and Wenig, S. and Wermes, N. and Werner, M. and Werner, P. and Werth, M. and Wessels, M. and Wetter, J. and Weydert, C. and Whalen, K. and Wheeler-Ellis, S.J. and White, A. and White, M.J. and White, S. and Whitehead, S.R. and Whiteson, D. and Whittington, D. and Wicek, F. and Wicke, D. and Wickens, F.J. and Wiedenmann, W. and Wielers, M. and Wienemann, P. and Wiglesworth, C. and Wiik-Fuchs, L.A.M. and Wijeratne, P.A. and Wildauer, A. and Wildt, M.A. and Wilhelm, I. and Wilkens, H.G. and Will, J.Z. and Williams, E. and Williams, H.H. and Willis, W. and Willocq, S. and Wilson, J.A. and Wilson, M.G. and Wilson, A. and Wingerter-Seez, I. and Winkelmann, S. and Winklmeier, F. and Wittgen, M. and Wollstadt, S.J. and Wolter, M.W. and Wolters, H. and Wong, W.C. and Wooden, G. and Wosiek, B.K. and Wotschack, J. and Woudstra, M.J. and Wozniak, K.W. and Wraight, K. and Wright, M. and Wrona, B. and Wu, S.L. and Wu, X. and Wu, Y. and Wulf, E. and Wynne, B.M. and Xella, S. and Xiao, M. and Xie, S. and Xu, C. and Xu, D. and Yabsley, B. and Yacoob, S. and Yamada, M. and Yamaguchi, H. and Yamaguchi, Y. and Yamamoto, A. and Yamamoto, K. and Yamamoto, S. and Yamamura, T. and Yamanaka, T. and Yamazaki, T. and Yamazaki, Y. and Yan, Z. and Yang, H. and Yang, H. and Yang, U.K. and Yang, Y. and Yang, Z. and Yanush, S. and Yao, L. and Yao, Y. and Yasu, Y. and Ybeles Smit, G.V. and Ye, J. and Ye, S. and Yilmaz, M. and Yoosoofmiya, R. and Yorita, K. and Yoshida, R. and Yoshihara, K. and Young, C. and Young, C.J. and Youssef, S. and Yu, D. and Yu, J. and Yu, J. and Yuan, L. and Yurkewicz, A. and Byszewski, M. and Zabinski, B. and Zaidan, R. and Zaitsev, A.M. and Zajacova, Z. and Zanello, L. and Zanzi, D. and Zaytsev, A. and Zeitnitz, C. and Zeman, M. and Zemla, A. and Zendler, C. and Zenin, O. and Ženiš, T. and Zinonos, Z. and Zerwas, D. and Zevi della Porta, G. and Zhang, D. and Zhang, H. and Zhang, J. and Zhang, X. and Zhang, Z. and Zhao, L. and Zhao, Z. and Zhemchugov, A. and Zhong, J. and Zhou, B. and Zhou, N. and Zhou, Y. and Zhu, C.G. and Zhu, H. and Zhu, J. and Zhu, Y. and Zhuang, X. and Zhuravlov, V. and Zieminska, D. and Zimin, N.I. and Zimmermann, R. and Zimmermann, S. and Zimmermann, S. and Ziolkowski, M. and Zitoun, R. and Živković, L. and Zmouchko, V.V. and Zobernig, G. and Zoccoli, A. and zur Nedden, M. and Zutshi, V. and Zwalinski, L.},
	date = {2012-09-17},
}

@article{victor_etxebarria_manufacturing_2022,
	title = {Manufacturing of radiopharmaceutical isotopes through the linac 7 accelerator for biomedical applications},
	volume = {97},
	issn = {0012-7361},
	doi = {10.6036/10466},
	abstract = {inac 7 consiste en un acelerador lineal de protones de nueva generación completamente diseñado y construido en el Laboratorio de Haces de Partículas ({IZPILab}-Beam Laboratory) de la Universidad del Pais Vasco {UPV}/{EHU}. Una de las aplicaciones sanitarias más importantes concebidas dentro de dicho proyecto Linac 7 es la producción de fármacos de diversas especies, localmente en torno a grandes centros clínicos. Actualmente los radioisótopos médicos se fabrican externamente a los hospitales e implican uso de infraestructuras lejanas, caras y complejas. Ello da lugar a transportes largos, producciones de grandes dosis de radioisótopos que decaen rápidamente en las varias horas del transporte y además suelen poderse utilizar únicamente elementos de vida media suficiente para su uso como fármacos apropiados, sin otro tipo de opciones. Nuestro acelerador lineal compacto Linac 7 permite fabricación de múltiples tipos de radioisótopos localmente y a medida de las correspondientes necesidades biomédicas, incluyendo dosis específicas de fármacos para pacientes, a demanda del personal medico en nuestros hospitales},
	pages = {301--307},
	number = {3},
	journaltitle = {Revista {DYNA}},
	author = {{Victor Etxebarria} and {Jorge Feuchtwanger} and {Joaquín Portilla} and {Josu Jugo} and {Íñigo Arredondo} and {Inari Badillo} and {Estíbaliz Asua} and {Rafael Enparantza} and {Iratxe Ariz} and {Unai Etxebeste} and {Iñaki Hernández}},
	date = {2022},
	note = {Publisher: Publicaciones {DYNA} {SL}},
}

@article{feuchtwanger_new_2022,
	title = {New Generation Compact Linear Accelerator for Low-Current, Low-Energy Multiple Applications},
	volume = {12},
	issn = {2076-3417},
	doi = {10.3390/app12094118},
	abstract = {A new compact linear proton accelerator project (named {LINAC} 7) for multiple low-current applications, designed and built in-house at the Beam Laboratory of the University of the Basque Country ({UPV}/{EHU}) is described. The project combines the University, a research technology center and a private company with the aim of designing and building a compact, low-current proton accelerator capable of accelerating particles up to 7 {MeV}. In this paper, we present an overview of the accelerator design, summarize the progress and testing of the components that have been built, and describe the components that are being designed that will allow us to achieve the final desired energy of 7 {MeV}.},
	number = {9},
	journaltitle = {Applied Sciences},
	author = {Feuchtwanger, Jorge and Etxebarria, Victor and Portilla, Joaquin and Jugo, Josu and Arredondo, Iñigo and Badillo, Inari and Asua, Estibaliz and Vallis, Nicolas and Elorza, Mikel and Alberdi, Beñat and Enparantza, Rafael and Ariz, Iratxe and Muñoz, Iñigo and Etxebeste, Unai and Hernandez, Iñaki},
	date = {2022},
	keywords = {beam dynamics, ion sources, particle accelerators, {RF} cavities},
}

@book{geller_electron_2018,
	title = {Electron Cyclotron Resonance Ion Sources and {ECR} Plasmas},
	series = {Electron Cyclotron Resonance Ion Sources and {ECR} Plasmas},
	author = {Geller, R.},
	date = {2018},
	doi = {10.1201/9780203758663},
	note = {Pages: 436},
}

@article{elorza_romera_pit30_2021,
	title = {{PIT}30 protoi-iturriko Hidrogeno- plasmaren karakterizazioa metodo ez- intrusiboen bidez},
	journaltitle = {Euskal Herriko Unibertsitatea},
	author = {Elorza Romera, Mikel and Badillo Fernandez, Inari},
	date = {2021},
	langid = {basque},
	file = {PDF:C\:\\Users\\lopez\\Zotero\\storage\\42M6Q67S\\Romera y Fernandez - PIT30 protoi-iturriko Hidrogeno- plasmaren karakterizazioa metodo ez- intrusiboen bidez.pdf:application/pdf},
}

@article{elorza_romera_modelo_2022,
	title = {Modelo global para el estudio del plasma de hidro ́geno generado en una fuente de iones {ECR}},
	journaltitle = {Universidad Complutense de Madrid},
	author = {Elorza Romera, Mikel and Badillo Fernandez, Inari and Fraile Prieto, Luis Mario},
	date = {2022},
	langid = {spanish},
	file = {TFM_Final_Elorza:C\:\\Users\\lopez\\Zotero\\storage\\ICLLHF7C\\TFM_Final_Elorza.pdf:application/pdf},
}

@article{fernandez_rua_clasificacion_2024,
	title = {Clasificación automática de los estados del plasma en una fuente de iones de tipo de {ECR}},
	journaltitle = {Euskal Herriko Unibertsitatea},
	author = {Fernández Rúa, Ander and Arredondo López de Guereñu, Iñigo and Justo Blanco, Raquel},
	date = {2024},
	langid = {basque},
}

@article{tarvainen_plasma_2019,
	title = {Plasma diagnostic tools for {ECR} ion sources—What can we learn from these experiments for the next generation sources},
	volume = {90},
	issn = {0034-6748},
	doi = {10.1063/1.5127050},
	abstract = {The order-of-magnitude performance leaps of {ECR} ion sources over the past decades result from improvements to the magnetic plasma confinement, increases in the microwave heating frequency, and techniques to stabilize the plasma at high densities. Parallel to the technical development of the ion sources themselves, significant effort has been directed into the development of their plasma diagnostic tools. We review the recent results of Electron Cyclotron Resonance Ion Source ({ECRIS}) plasma diagnostics highlighting a number of selected examples of plasma density, electron energy distribution, and ion confinement time measurements, obtained mostly with the second-generation sources operating at frequencies from 10 to 18 {GHz}. The development of minimum-B {ECR} ion sources based on the superposition of solenoid and sextupole fields has long relied on semiempirical scaling laws for the strength of the magnetic field with increasing plasma heating frequency. This approach is becoming increasingly difficult with the looming limits of superconducting technologies being able to satisfy the magnetic field requirements at frequencies approaching 60 {GHz}. Thus, we discuss alternative {ECRIS} concepts and proposed modifications to existing sources that are supported by the current understanding derived from the plasma diagnostics experiments.},
	pages = {113321},
	number = {11},
	journaltitle = {Review of Scientific Instruments},
	shortjournal = {Review of Scientific Instruments},
	author = {Tarvainen, O. and Kalvas, T. and Koivisto, H. and Kronholm, R. and Marttinen, M. and Sakildien, M. and Toivanen, V. and Izotov, I. and Skalyga, V. and Angot, J.},
	date = {2019-11-22},
}

@article{bito_probe_2022,
	title = {Probe measurement of an {ECR} hydrogen plasma facing the C12A7 electride surface},
	volume = {2244},
	issn = {1742-6596},
	doi = {10.1088/1742-6596/2244/1/012048},
	abstract = {Plasma parameters of an {ECR} discharge excited in a compact ion source with a replaceable plasma electrode ({PE}) were measured with a Langmuir probe. The {PE} was installed to investigate how an electride {PE} changes the plasma parameters from those with a Mo {PE}. The effect upon the plasma parameters in front of the {PE} due to the material will be elucidated by changing the probe position axially along the beam extraction direction. Analyses of the measured probe characteristics revealed that electride {PE} has a higher electron density (ne) and lower electron temperature (Te) than the Mo {PE}. When the {PE} was biased negatively, the ratio of the positive saturation current (Ii ) to the negative saturation current (Ie +Ih- ) for the electride {PE} was about 1.6 times of the ratio for the Mo {PE}.},
	pages = {012048},
	number = {1},
	journaltitle = {Journal of Physics: Conference Series},
	author = {Bito, K. and Sasao, M. and Wada, M.},
	date = {2022-04-01},
	note = {Publisher: {IOP} Publishing},
}

@article{vivas_merino_sistema_2023,
	title = {Sistema de Adquisición de datos de la onda Incidente y Reflejada en una Fuente de Iones de Resonancia Ciclotrónica},
	journaltitle = {Euskal Herriko Unibertsitatea},
	author = {Vivas Merino, Jon and Badillo Fernandez, Inari and Portilla Rubín, Joaquín},
	date = {2023},
	langid = {spanish},
	file = {PDF:C\:\\Users\\lopez\\Zotero\\storage\\AM5U6XCR\\TFG_Jon_Vivas.pdf:application/pdf},
}

@online{noauthor_schottky_2025,
	title = {Schottky Zero Bias Detector, {SMA}, Negative Video Out, +20 {dBm} max Pin, 10 {MHz} to 12.4 {GHz}},
	url = {https://www.pasternack.com/50-ohm-sma-zero-biased-detector-negative-10-mhz-12400-mhz-pe8012-p.aspx?srsltid=AfmBOoqKjtziapTH9e6dbiBFB3lC7Yd9OsdQ_QaO_BInitVr1tD267xW},
	date = {2025},
	file = {Schottky Zero Bias Detector, SMA, Negative Video Out, +20 dBm max Pin, 10 MHz to 12.4 GHz:C\:\\Users\\lopez\\Zotero\\storage\\GWZ9H3Q6\\50-ohm-sma-zero-biased-detector-negative-10-mhz-12400-mhz-pe8012-p.html:text/html},
}

@online{noauthor_mass_2025,
	title = {Mass Flow Controllers with 20+ Gas Select Function},
	url = {https://es.omega.com/pptst/FMA2600_FVL2600.html},
	abstract = {Mass Flow Controllers with 20+ Gas Select Function},
	date = {2025},
	langid = {spanish},
	file = {Snapshot:C\:\\Users\\lopez\\Zotero\\storage\\RLSPXRQD\\FMA2600_FVL2600.html:text/html},
}

@online{noauthor_sistemas_2025,
	title = {Sistemas {PXI}},
	url = {https://www.ni.com/es/shop/pxi.html},
	abstract = {{PXI} es una {PC} para ingenieros de pruebas. Es una plataforma de pruebas y medidas que combina un controlador con instrumentos de medida en un chasis de múltiples ranuras.},
	date = {2025},
	langid = {spanish},
	file = {Snapshot:C\:\\Users\\lopez\\Zotero\\storage\\GATKASBZ\\pxi.html:text/html},
}

@online{noauthor_pcopanda_2025,
	title = {pco.panda 4.2 {sCMOS} Camera {\textbar} Excelitas},
	url = {https://www.excelitas.com/product/pcopanda-42-scmos-camera},
	date = {2025},
	file = {pco.panda 4.2 sCMOS Camera | Excelitas:C\:\\Users\\lopez\\Zotero\\storage\\YML4PU28\\pcopanda-42-scmos-camera.html:text/html},
}

@online{noauthor_sistemas_2025-1,
	title = {Sistemas {CompactRIO} ({cRIO})},
	url = {https://www.ni.com/es/shop/compactrio.html},
	abstract = {Los sistemas {CompactRIO} proporcionan capacidades de procesamiento, E/S específicas de sensor y software para aplicaciones de monitoreo y control del internet industrial de las cosas.},
	date = {2025},
	langid = {spanish},
	file = {Snapshot:C\:\\Users\\lopez\\Zotero\\storage\\VP3RXDDU\\compactrio.html:text/html},
}

@article{rafique_recent_2024,
	title = {Recent progress in loss control for the {ISIS} high-intensity {RCS}: Geodetic modelling, tune control, and optimisation},
	abstract = {{ISIS} operates a high intensity 50 Hz rapid cycling synchrotron ({RCS}), accelerating up to 3 x 10¹³ protons from 70 to 800 {MeV}. Protons are delivered to one muon and two neutron targets over two target stations, totalling 0.2 {MW} of beam power, enabling around 1000 experiments for approximately 3500 users a year. Minimisation of beam loss and optimisation of its control are central to achieving the best facility performance with minimal machine activation. We summarise recent work aimed at improving loss control in the {RCS}. Using geodetic survey data we aim to develop lattice models with realistic magnet alignment errors in cpymad. Building on recent measurement campaigns a new and improved system of tune control has been developed and verified using enhanced lattice models with cpymad. More rigorous and quantitative measures of beam loss have been implemented in graphical user interfaces ({GUIs}) using the {QT} {GUI} toolkit python interface {PyQT}5, and streaming data using the messaging protocol {MQTT}, in order to optimise loss control.},
	author = {Rafique, Haroon and Bansal, Esher and Cavanagh, Hayley and Warsop, Christopher},
	date = {2024-04-02},
	note = {Publisher: {JACoW} Publishing, Geneva, Switzerland},
}

@inproceedings{fukui_design_2019,
	title = {The design of the control system for the {SACLA}/{SPring}-8 accelerator complex to use the {LINAC} of {SACLA} for a full-energy injector of {SPring}-8},
	doi = {10.18429/JACOW-IPAC2019-WEPGW029},
	abstract = {At the {SPring}-8 site, the X-ray free electron laser facili-ty, {SACLA}, and the third-generation light source, {SPring}-8 storage ring, have been operated. On the {SPring}-8 up-grade project we have a plan to use the linac of {SACLA} as a full-energy injector of the storage ring. To achieve the {SACLA}’s user operation and the beam injection to the storage ring in parallel, it is necessary to control the beam energy and the peak current on a pulse by pulse. The demand for an injection occurs anytime during the top-up operation of the storage ring. For this purpose, two accel-erators should be controlled seamlessly and the {SACLA} has to provide the low emittance electron beam to gener-ate X-ray laser and to be an injector of the storage ring simultaneously. Because {SACLA} has to control the beam energy and peak current on a pulse by pulse, we are de-signing a system to meet these requirements. A master controller stores a pattern of parameters required for the low-level {RF} controllers. Each pattern consists of 60 rows which correspond to the parameters for one second with a beam repetition rate of the {SACLA}, 60Hz. The master sends the parameters to the controllers with reflective memory. We can select the pattern every second on de-mand and it is flexible enough for the top-up operation of the storage ring. Also the data of low-level {RF} and beam position monitor are stored into the database with a beam repetition rate. In this paper, we report the design of con-trol system for {SACLA}/{SPring}-8 to control the beam energy and the peak current on a pulse by pulse.},
	publisher = {{JACoW} Publishing, Geneva, Switzerland},
	author = {Fukui, Toru and Hara, Toru and Hasegawa, Taichi and Hosoda, Naoyasu and Inagaki, Takahiro and Maesaka, Hirokazu and Matsubara, Shin-Ichi and Morimoto, Osamu and Ohshima, Takashi and Okada, Kensuke and Tajiri, Yasuyuki and Tanaka, Hitoshi and Tanaka, Shinichiro and Yamaga, Mitsuhiro and Yoshioka, Masamichi},
	date = {2019-06-21},
}

@online{noauthor_beginners_2016,
	title = {Beginners Guide To The {MQTT} Protocol},
	url = {http://www.steves-internet-guide.com/mqtt/},
	abstract = {The {MQTT} protocol is ideal for M2M communication on {IOT} networks. In this tutorial you will learn about the different {MQTT} versions, how {MQTT} Works, What clients and brokers are avialable etc.},
	date = {2016-08-09},
	langid = {american},
	file = {Snapshot:C\:\\Users\\lopez\\Zotero\\storage\\5L5TPSBD\\mqtt.html:text/html},
}

@online{inc_emqx_2025,
	title = {{EMQX}: The Unified {MQTT} and {AI} Platform},
	url = {https://www.emqx.com/en},
	shorttitle = {{EMQX}},
	abstract = {Leverage {EMQX}'s leading {MQTT} technology \& advanced {AI} platform capabilities to power real-time intelligence, software-defined vehicles, {IIoT}, smart cities, connected {AI} agents, and more.},
	titleaddon = {www.emqx.com},
	author = {Inc, {EMQ} Technologies},
	date = {2025},
	langid = {english},
	file = {Snapshot:C\:\\Users\\lopez\\Zotero\\storage\\6GGALFF5\\en.html:text/html},
}

@online{noauthor_telegraf_2022,
	title = {Telegraf},
	url = {https://www.influxdata.com/time-series-platform/telegraf/},
	abstract = {Telegraf is an open source server agent that makes it easy to collect metrics, logs, and data. Download the latest Telegraf and get release updates free!},
	titleaddon = {{InfluxData}},
	date = {2022-01-15},
	file = {Snapshot:C\:\\Users\\lopez\\Zotero\\storage\\I4V962Y9\\telegraf.html:text/html},
}

@online{noauthor_influxdb_2022,
	title = {{InfluxDB} {\textbar} Real-time insights at any scale},
	url = {https://www.influxdata.com/home/},
	abstract = {Manage all types of time series data in a single, purpose-built database. Optimized for speed in any environment in the cloud, on-premises, or at the edge.},
	titleaddon = {{InfluxData}},
	date = {2022-01-15},
}

@online{noauthor_what_2025,
	title = {What is Docker?},
	url = {https://docs.docker.com/get-started/docker-overview/},
	abstract = {Get an in-depth overview of the Docker platform including what it can be used for, the architecture it employs, and its underlying technology.},
	titleaddon = {Docker Documentation},
	date = {2025},
	langid = {english},
}

@online{scipy_scipystats_2025,
	title = {scipy.stats liburutegiaren dokumentazioa},
	url = {https://github.com/scipy/scipy/blob/v1.15.3/scipy/stats/_stats_py.py#L0-L1},
	author = {scipy},
	date = {2025},
	langid = {english},
	file = {scipy/scipy/stats/_stats_py.py at v1.15.3 · scipy/scipy · GitHub:C\:\\Users\\lopez\\Zotero\\storage\\4WUIYC9F\\_stats_py.html:text/html},
}

@online{noauthor_scipy_2025,
	title = {{SciPy} documentation — {SciPy} v1.15.3 Manual},
	url = {https://docs.scipy.org/doc/scipy/index.html},
	date = {2025},
	file = {SciPy documentation — SciPy v1.15.3 Manual:C\:\\Users\\lopez\\Zotero\\storage\\TQZN3JSU\\index.html:text/html},
}

@online{scipy_scipysignal_2025,
	title = {scipy.signal liburutegiaren dokumentazioa},
	url = {https://github.com/scipy/scipy/blob/v1.15.3/scipy/signal/_peak_finding.py},
	abstract = {{SciPy} library main repository. Contribute to scipy/scipy development by creating an account on {GitHub}.},
	titleaddon = {{GitHub}},
	author = {{scipy}},
	date = {2025},
	langid = {english},
	file = {Snapshot:C\:\\Users\\lopez\\Zotero\\storage\\4UTLKHC6\\_peak_finding.html:text/html},
}

@article{wang_ion_2024,
	title = {Ion beam stability prediction of {ECR} ion source based on {TCN}-{DTW} network},
	volume = {19},
	issn = {1748-0221},
	doi = {10.1088/1748-0221/19/06/p06028},
	abstract = {Abstract The Electron Cyclotron Resonance ({ECR}) ion source is an irreplaceable apparatus for producing high-intensity, highly charged heavy ion beams, representing a critical component for heavy ion accelerators. The operation of the {ECR} ion source is inherently influenced by various factors, leading to fluctuations in beam intensity. Such instability not only diminishes the efficacy of accelerator operations but also introduces distortions in terminal experimental data. Addressing these challenges, this study proposes the application of a Temporal Convolutional Network ({TCN}) based on a Dynamic Time Warping ({DTW}) loss function ({TCN}-{DTW}) for predicting the stability of the ion beams. Prior to constructing the prediction network, raw data undergoes preprocessing through an Interquartile Range ({IQR}) anomaly detection mechanism and the Savitzky-Golay ({SG}) filtering algorithm with an adaptive window. Experimental results demonstrate a substantial enhancement in prediction performance when employing the {TCN} network with the {DTW} loss function compared to traditional alternatives. This approach facilitates effective forecasting of the ion source beam current trend, offering a basis for the control and correction of long-term stability. Consequently, it provides valuable insights for optimizing the {ECR} ion source and enhancing overall accelerator operational performance.},
	number = {6},
	journaltitle = {J. Instrum.},
	author = {Wang, R and Qian, C and Sun, L T and Guo, Y H and Cao, Z G and Hou, M Y},
	date = {2024-06-01},
	note = {Publisher: {IOP} Publishing},
}

@inproceedings{rajagopalan_generalized_2003,
	title = {Generalized causal moving average ({GCMA}) smoothing filter for real-time applications},
	url = {http://dx.doi.org/10.1117/12.509703},
	doi = {10.1117/12.509703},
	abstract = {Moving average filters are commonly used in industries for real-time processing of noisy data. Though they perform well in filtering out the noise, they introduce significant lag in the signal. The resulting peak value of the filtered signal at the operating point is likely to be lower due to averaging of higher and lower peak signals in the averaging interval. The generalized moving average smoothing filter by Golay-Savitzky preserves the higher moments and does not suffer from the limitations imposed by the conventional moving average filter. The smoothing strategy is derived from least squares fitting of a lower order polynomial to a number of consecutive points. Due to polynomial curve fitting as opposed to a line fitting in the case of conventional moving average filter, this filter preserves the higher frequency components of the signal and their line width. This paper presents a generalized causal moving average filter deduced using the concepts in Golay-Savitzky smoothing filter for real-time applications. Golay-Savitzky filter is non-causal, relies on the future data that is not available, hence not suitable for real-time applications. Further, the designed causal filter makes use of the filtered data as opposed to the original data in the case of Golay-Savitzky. This approach allows us to conduct frequency response studies to evaluate the quality and the applicability of the filter for various signals in the aircraft engines and other engineering applications. Frequency response studies cannot carried out using the Golay-Savitzky filter. This paper also investigates the performance of various polynomial orders in reproducing the signal from a noisy data. Some of the performance measures used are bandwidth, overshoots, and lags introduced by the filter. The mathematical technique to extract the signal and deduce the coefficients in off-line is also presented.},
	eventtitle = {Advanced Signal Processing Algorithms, Architectures, and Implementations {XIII}},
	publisher = {{SPIE}},
	author = {Rajagopalan, Ramesh},
	editor = {Luk, Franklin T},
	date = {2003-12-31},
}

@incollection{ross_chapter_2021,
	title = {Chapter 13 - Quality control},
	isbn = {978-0-12-824346-6},
	url = {https://www.sciencedirect.com/science/article/pii/B9780128243466000223},
	abstract = {Quality control is concerned with determining when the parameters of a probability model change. For instance, data may initially be coming from a normal distribution with a specified mean and variance, and by observing the data we want to be able to determine when the mean or variance has changed. Procedures for accomplishing this are studied.},
	pages = {555--589},
	booktitle = {Introduction to Probability and Statistics for Engineers and Scientists (Sixth Edition)},
	publisher = {Academic Press},
	author = {Ross, Sheldon M.},
	editor = {Ross, Sheldon M.},
	date = {2021-01-01},
	doi = {10.1016/B978-0-12-824346-6.00022-3},
	keywords = {control charts, control charts for number of defectives, cumulative sum control charts, exponentially weighted, fraction defective control charts, moving average control charts, sample mean control charts, sample variance control charts},
}

@article{ester_density-based_1996,
	title = {A Density-Based Algorithm for Discovering Clusters in Large Spatial Databases with Noise},
	abstract = {Clusteringalgorithmasreattractivefor the taskof classidentification in spatial databases.Howevetr,he applicationto large spatial databasesrises the followingrequirementfsor clustering algorithms: minimalrequirementsof domain knowledgteo determinethe input parameters,discoveryof clusters witharbitraryshapeandgoodefficiencyonlarge databases. Thewell-knowclnusteringalgorithmsoffer nosolution to the combinatioonf {theserequirementsI}.n this paper, wepresent the newclustering {algorithmDBSCrAelNying} on a density-basednotionof clusters whichis designedto discoverclusters of arbitrary shape.{DBSCrAeqNuiresonly} one input parameterandsupportsthe user in determiningan appropriatevaluefor it. Weperformeadn experimentaelvaluation of the effectiveness and efficiency of {DBSCuAsNing} synthetic data and real data of the {SEQUO}2I0A00benchmark.Theresults of our experimentsdemonstratethat (1) {DBSCiAsNsignificantlymoreeffective} in discoveringclusters of arbitrary shapethan the well-{knowanlgorithmCLARANS},and that (2) {DBSCAoNutperforms} {CLARANbyS} factorof morethan100in termsof efficiency.},
	journaltitle = {{AAAI} Press},
	author = {Ester, Martin and Kriegel, Hans-Peter and Xu, Xiaowei and Sander, Jörg},
	date = {1996},
	langid = {english},
	file = {PDF:C\:\\Users\\lopez\\Zotero\\storage\\4RHWUSK2\\Ester et al. - A Density-Based Algorithm for Discovering Clusters in Large Spatial Databases with Noise.pdf:application/pdf},
}

@incollection{doreswamy_fault_2014,
	title = {Fault Detection in Sensor Network Using {DBSCAN} and Statistical Models},
	volume = {247},
	isbn = {978-3-319-02930-6},
	pages = {443--450},
	booktitle = {Advances in Intelligent Systems and Computing},
	author = {Doreswamy, Hosahalli and Narasegouda, Srinivas},
	date = {2014-01-01},
	doi = {10.1007/978-3-319-02931-3_50},
	note = {Journal Abbreviation: Advances in Intelligent Systems and Computing},
}

@online{scikit-learn_dbscan_2025,
	title = {{DBSCAN}},
	url = {https://scikit-learn/stable/modules/generated/sklearn.cluster.DBSCAN.html},
	abstract = {Gallery examples: Comparing different clustering algorithms on toy datasets Demo of {DBSCAN} clustering algorithm Demo of {HDBSCAN} clustering algorithm},
	author = {scikit-learn},
	date = {2025},
	langid = {english},
	file = {Snapshot:C\:\\Users\\lopez\\Zotero\\storage\\WR2BR7CW\\sklearn.cluster.DBSCAN.html:text/html},
}
